<record><leader>00000cas a22000007a 4500</leader><controlfield tag="001">33006540</controlfield><controlfield tag="008">950818d18uu1uuuohuuu ne      0    0eng d</controlfield><datafield ind1=" " ind2=" " tag="010"><subfield code="a">sn 95061540 </subfield></datafield><datafield ind1=" " ind2=" " tag="040"><subfield code="a">CNK</subfield><subfield code="b">eng</subfield><subfield code="c">CNK</subfield><subfield code="d">OCL</subfield><subfield code="d">OCLCQ</subfield></datafield><datafield ind1=" " ind2=" " tag="042"><subfield code="a">msc</subfield></datafield><datafield ind1=" " ind2=" " tag="043"><subfield code="a">n-us-oh</subfield></datafield><datafield ind1="0" ind2=" " tag="130"><subfield code="a">American Democrat (Lebanon, Warren County, Ohio)</subfield></datafield><datafield ind1="1" ind2="0" tag="245"><subfield code="a">American Democrat.</subfield></datafield><datafield ind1=" " ind2=" " tag="260"><subfield code="a">Lebanon, Warren County, Ohio :</subfield><subfield code="b">George Kesling</subfield></datafield><datafield ind1=" " ind2=" " tag="300"><subfield code="a">v.</subfield></datafield><datafield ind1=" " ind2=" " tag="588"><subfield code="a">Description based on: Vol. 2, no. 51 (Aug. 14, 1830).</subfield></datafield><datafield ind1=" " ind2="0" tag="651"><subfield code="a">Lebanon (Warren County, Ohio)</subfield><subfield code="v">Newspapers.</subfield></datafield><datafield ind1=" " ind2=" " tag="752"><subfield code="a">United States</subfield><subfield code="b">Ohio</subfield><subfield code="c">Warren</subfield><subfield code="d">Lebanon.</subfield></datafield></record>